<?xml version="1.0" encoding="UTF-8"?><collection xmlns="http://www.loc.gov/MARC21/slim"><record><leader>00458nam--2200145-i-4500</leader><controlfield tag="001">000037814</controlfield><controlfield tag="002">20161230</controlfield><controlfield tag="005">20161230201041</controlfield><controlfield tag="008">060222s1000------------r-----000-0-eng-d</controlfield><datafield ind1=" " ind2=" " tag="080"><subfield code="a">523.64(047.3)</subfield></datafield><datafield ind1=" " ind2=" " tag="100"><subfield code="a">Ramsmusern, Hans Ovade</subfield></datafield><datafield ind1=" " ind2=" " tag="245"><subfield code="a">Three revolutions of the comets halley and olbers 1759-2024</subfield></datafield><datafield ind1=" " ind2=" " tag="260"><subfield code="a">Copenhagen, Munksgaard, 1979, 54p</subfield></datafield><datafield ind1=" " ind2=" " tag="490"><subfield code="a">Det Kongelige Danske Videnskabernes Selskab Matematisck-fysiske Meddelelser</subfield></datafield><datafield ind1=" " ind2=" " tag="852"><subfield code="a">48273</subfield></datafield></record></collection>